@misc{clearlyinventory,
	title = {How to Design Good Item Numbers for Products in Inventory},
	howpublished = {\url{http://www.clearlyinventory.com/inventory-basics/how-to-design-good-item-numbers-for-products-in-inventory}},
	note = {Accessed: 2014-12-12}
}
